<?xml version="1.0" encoding="UTF-8"?><collection xmlns="http://www.loc.gov/MARC21/slim"><record><leader>00502nam--2200133-i-4500</leader><controlfield tag="001">000032030</controlfield><controlfield tag="002">20161230</controlfield><controlfield tag="005">20161230201039</controlfield><controlfield tag="008">060222s1000------------r-----000-0-eng-d</controlfield><datafield ind1=" " ind2=" " tag="080"><subfield code="a">621.039.514.2(043)</subfield></datafield><datafield ind1=" " ind2=" " tag="100"><subfield code="a">Massainguiral, Christiane</subfield></datafield><datafield ind1=" " ind2=" " tag="245"><subfield code="a">Recherche d`une modelisation de l`excursion de puissance applicable a l`etude de l`excursion secondiare dans les reacteurs a neutrons rapides refroidis au sodium.these</subfield></datafield><datafield ind1=" " ind2=" " tag="260"><subfield code="a">Orsay, L`Universite De Paris-sud, 1980. 72p. + 28 Fig</subfield></datafield><datafield ind1=" " ind2=" " tag="852"><subfield code="a">49665</subfield></datafield></record></collection>